@Book{grimmett2014probability,
  author    = {Grimmett, Geoffrey and Welsh, Dominic},
  publisher = {Oxford University Press},
  title     = {Probability: an introduction},
  year      = {2014},
}

@Comment{jabref-meta: databaseType:bibtex;}
